<?xml version="1.0" encoding="UTF-8"?><collection xmlns="http://www.loc.gov/MARC21/slim"><record><leader>00578nam--2200193-i-4500</leader><controlfield tag="001">000010248</controlfield><controlfield tag="002">20161230</controlfield><controlfield tag="005">20161230201028</controlfield><controlfield tag="008">060222s1000------------r-----000-0-eng-d</controlfield><datafield ind1=" " ind2=" " tag="040"><subfield code="a">IFIN-HH</subfield></datafield><datafield ind1=" " ind2=" " tag="080"><subfield code="a">539.1.07:621.039</subfield></datafield><datafield ind1="1" ind2=" " tag="100"><subfield code="a">Cameron, J.F</subfield></datafield><datafield ind1="1" ind2="0" tag="245"><subfield code="a">Radioisotope instruments</subfield><subfield code="b">Part 1</subfield><subfield code="c">J.f. cameron, c.g. clayton</subfield></datafield><datafield ind1=" " ind2=" " tag="260"><subfield code="a">Oxford</subfield><subfield code="b">Pergamon Press Ltd</subfield><subfield code="c">1971</subfield></datafield><datafield ind1=" " ind2=" " tag="300"><subfield code="a">XIX + 300 P</subfield></datafield><datafield ind1=" " ind2=" " tag="490"><subfield code="a">International Series Of Monographs In Nuclear Energy</subfield><subfield code="v">Volume 107</subfield></datafield><datafield ind1="1" ind2=" " tag="700"><subfield code="a">Clayton, C.G</subfield></datafield><datafield ind1=" " ind2=" " tag="852"><subfield code="a">37228</subfield><subfield code="c">539.1.07:539.1.08</subfield></datafield><datafield ind1=" " ind2=" " tag="CAT"><subfield code="a">Sys</subfield><subfield code="c">20111025</subfield><subfield code="h">133740</subfield></datafield></record></collection>